% Encoding: UTF-8

@Book{Resnick1994,
  author    = {Resnick, M.},
  title     = {Turtles, Termites, and Traffic Jams: Explorations in Massively Parallel Microworlds},
  date      = {1994-07-01},
  publisher = {MIT Press, Cambridge, MA.},
}

@Electronic{Lester2003,
  author = {Patrick {Lester}},
  title  = {A* Pathfinding para Principiantes},
  date   = {2003-03-02},
  url    = {http://www.policyalmanac.org/games/articulo1.htm},
}

@Book{Nengnevitsky2005,
  author    = {Michael {Negnevitsky}},
  title     = {Artificial Intelligence: A guide to Intelligent Systems},
  year      = {2005},
  publisher = {Pearson Education Limited},
}

@Article{Dieter1999,
  author       = {Dieter {Fox} and Wolfram {Burgard} and Sebastian {Thrun}},
  title        = {Markov Localization for Mobile Robots in Dynamic Environments},
  journaltitle = {Journal of Artificial Intelligence},
  year         = {1999},
  journal      = {Journal of Artificial Intelligence},
  volume       = {11},
  pages        = {391-427},
  month        = {November}
}

@Book{StuartJRussell2003,
  author    = {Stuart {Russell} and Peter {Norvig}},
  title     = {Artificial Intelligence: A Modern Approach},
  year      = {2003},
  publisher = {Pearson Education Limited},
}

@Article{BarrientosMartinez2009,
  author       = {Rocío Erandi {Barrientos Martínez} and Nicandro {Cruz Ramírez} and Héctor Gabriel {Acosta Mesa} and Ivonne {Rabatte Suárez} and María del Carmen {Gogeascoechea Trejo} and Patricia {Pavón León} and Sobeida L. {Blázquez Morales}},
  title        = {Árboles de decisión como herramienta en el diagnóstico médico},
  journaltitle = {Revista Médica de la Universidad Veracruzana},
  year         = {2009},
  journal      = {Revista Médica de la Universidad Veracruzana},
  volume       = {9},
  pages        = {19-24},
  url          = {https://www.uv.mx/rm/num_anteriores/revmedica_vol9_num2/articulos/arboles.pdf}
}

@Book{Anderson1996,
  author    = {James {Anderson}},
  title     = {An Introduction to Neural Networks},
  year      = {1996},
  publisher = {A Bradford Book},
}

@Book{Knudsen1999,
  author    = {Jonathan {Knudsen}},
  title     = {The unofficial guide to Lego Mindstorms robots;},
  year      = {1999},
  publisher = {O'Reilly},
}

@Book{KollerFriedman2009,
  author    = {Daphne {Koller} and Nir {Friedman}},
  title     = {Probabilistic Graphical Models: Principles and Techniques},
  year      = {2009},
  publisher = {MIT Press, Cambridge, MA.},
}

@Book{ManningSchutze1999,
  author    = {Christopher {Manning} and Hinrich {Schütze}},
  title     = {Foundations of Statistical Natural Language Processing},
  year      = {1999},
  publisher = {MIT Press, Cambridge, MA.},
}

@Article{Herculano-Houzel2009,
  author       = {Suzana {Herculano-Houzel}},
  title        = {The human brain in numbers: a linearly scaled-up primate brain},
  journaltitle = {Frontier in Human Neuroscience},
  year         = {2009},
  journal      = {Frontier in Human Neuroscience},
  url          = {https://doi.org/10.3389/neuro.09.031.2009},
  pages        = {3-31},
  volume       = {9}
}

@Article{Drachman2005,
  author       = {David A. {Drachman}},
  title        = {Do we have brain to spare?},
  journaltitle = {Neurology},
  year         = {2005},
  journal      = {Neurology},
  url          = {https://doi.org/10.1212/01.WNL.0000166914.38327.BB},
  volume       = {64}
}

@Online{Stecanella2017,
  author = {Bruno {Stecanella}},
  title  = {A practical explanation of a Naive Bayes classifier},
  year   = {2017},
  month  = {May},
  note   = {\url{https://monkeylearn.com/blog/practical-explanation-naive-bayes-classifier/}},
  url    = {https://monkeylearn.com/blog/practical-explanation-naive-bayes-classifier/}
}

@Book{Russell2010,
  author    = {Stuart Russell and Peter Norving},
  title     = {Artificial Intelligence, A Modern Approach},
  year      = {2010},
  editor    = {Michael Hirsch},
  edition   = {2a.},
  publisher = {Pearson Prentice Hall},
  owner     = {blackzafiro},
  timestamp = {2014.02.11},
}

@Online{gestiondeoperaciones2015,
  author = {{GEO Tutoriales}},
  date   = {2015-08-31},
  title  = {Cadenas de Markov (Ejercicios Resueltos)},
  url    = {https://www.gestiondeoperaciones.net/cadenas-de-markov/cadenas-de-markov-ejercicios-resueltos/},
}

@Online{gestiondeoperaciones2013,
  author = {{GEO Tutoriales}},
  date   = {2013-09-17},
  title  = {Clasificación de Estados de una Cadena de Markov en Tiempo Discreto},
  url    = {https://www.gestiondeoperaciones.net/cadenas-de-markov/clasificacion-de-estados-de-una-cadena-de-markov-en-tiempo-discreto/},
}

@Online{Maplesoft2022,
  author = {Maplesoft},
  date   = {2022-06-09},
  title  = {Computing the Steady-State Vector of a Markov Chain},
  url    = {https://www.maplesoft.com/support/help/maple/view.aspx?path=examples/SteadyStateMarkovChain#:~:text=To compute the steady state,has components summing to 1.},
}

@Book{Fox2016,
  author    = {Jhon Fox},
  date      = {2016},
  title     = {Applied Regression Analysis and Generalized Linear Models},
  edition   = {Third},
  isbn      = {978-1-4522-0566-3},
  publisher = {SAGE},
}

@Book{Mitchell1997,
  author    = {Tom M. Mitchell},
  title     = {Machine Learning},
  year      = {1997},
  publisher = {McGrawHill},
  owner     = {blackzafiro},
  timestamp = {2014.02.11},
}

@Book{Ghallab2004,
  author    = {Malik Ghallab and Dana Nau and Paolo Traverso},
  title     = {Automated Planning, Theory and Practice},
  year      = {2004},
  publisher = {Morgan Kaufmann Publishers},
  owner     = {VeronicaArriola},
  timestamp = {2015.01.19},
}

@Article{Mesulam1998,
  author       = {Mesulam, M. Marsel},
  title        = {From Sensation to Cognition},
  journal      = {Brain},
  journaltitle = {Brain},
  year         = {1998},
  date         = {1998},
  number       = {121},
  pages        = {1013--1052},
  owner        = {Vero},
  timestamp    = {2014.11.09},
}

@Article{Fikes1971,
  author   = {Richard E. Fikes and Nils J. Nilsson},
  title    = {Strips: A new approach to the application of theorem proving to problem solving},
  journal  = {Artificial Intelligence},
  year     = {1971},
  volume   = {2},
  number   = {3},
  pages    = {189-208},
  issn     = {0004-3702},
  doi      = {https://doi.org/10.1016/0004-3702(71)90010-5},
  url      = {https://www.sciencedirect.com/science/article/pii/0004370271900105},
  abstract = {We describe a new problem solver called STRIPS that attempts to find a sequence of operators in a space of world models to transform a given initial world model in which a given goal formula can be proven to be true. STRIPS represents a world model as an arbitrary collection in first-order predicate calculus formulas and is designed to work with models consisting of large numbers of formula. It employs a resolution theorem prover to answer questions of particular models and uses means-ends analysis to guide it to the desired goal-satisfying model.},
  keywords = {Problem solving, theorem proving, robot planning, heuristic search},
}

@Comment{jabref-meta: databaseType:biblatex;}
